<record><leader>00000cas a2200000 a 4500</leader><controlfield tag="001">7445345</controlfield><controlfield tag="007">hd afu---bucu</controlfield><controlfield tag="008">810526d19671970wauwr nea     0    0eng c</controlfield><datafield ind1=" " ind2=" " tag="010"><subfield code="a">  2003252917</subfield></datafield><datafield ind1=" " ind2=" " tag="040"><subfield code="a">AKR</subfield><subfield code="b">eng</subfield><subfield code="c">AKR</subfield><subfield code="d">OCL</subfield><subfield code="d">WAU</subfield><subfield code="d">OCLCQ</subfield><subfield code="d">OCLCF</subfield><subfield code="d">CRL</subfield><subfield code="d">OCLCO</subfield><subfield code="d">OCLCQ</subfield><subfield code="d">OCLCA</subfield></datafield><datafield ind1=" " ind2=" " tag="019"><subfield code="a">42316626</subfield></datafield><datafield ind1=" " ind2=" " tag="042"><subfield code="a">pcc</subfield></datafield><datafield ind1=" " ind2=" " tag="043"><subfield code="a">n-us-wa</subfield></datafield><datafield ind1=" " ind2="4" tag="050"><subfield code="a">PN4888.U5</subfield><subfield code="b">B41</subfield></datafield><datafield ind1="0" ind2=" " tag="130"><subfield code="a">Helix (Seattle, Wash.)</subfield></datafield><datafield ind1="1" ind2="0" tag="245"><subfield code="a">Helix.</subfield></datafield><datafield ind1="1" ind2=" " tag="246"><subfield code="i">Issue for Aug. 16, 1967 has title:</subfield><subfield code="a">Seattle helix</subfield></datafield><datafield ind1="1" ind2=" " tag="246"><subfield code="i">Issue for [Apr. 1968] has title:</subfield><subfield code="a">Helix-krab media mash</subfield></datafield><datafield ind1=" " ind2=" " tag="260"><subfield code="a">Seattle, Wash. :</subfield><subfield code="b">[publisher not identified],</subfield><subfield code="c">1967-1970.</subfield></datafield><datafield ind1=" " ind2=" " tag="300"><subfield code="a">11 volumes :</subfield><subfield code="b">illustrations ;</subfield><subfield code="c">41-44 cm</subfield></datafield><datafield ind1=" " ind2=" " tag="310"><subfield code="a">Weekly,</subfield><subfield code="b">&lt;Oct. 31, [1968]&gt;</subfield></datafield><datafield ind1=" " ind2=" " tag="321"><subfield code="a">Fortnightly,</subfield><subfield code="b">&lt;Apr. 13, 1967-&gt;</subfield></datafield><datafield ind1=" " ind2=" " tag="336"><subfield code="a">text</subfield><subfield code="b">txt</subfield><subfield code="2">rdacontent</subfield></datafield><datafield ind1=" " ind2=" " tag="337"><subfield code="a">microform</subfield><subfield code="b">h</subfield><subfield code="2">rdamedia</subfield></datafield><datafield ind1=" " ind2=" " tag="338"><subfield code="a">microfilm reel</subfield><subfield code="b">hd</subfield><subfield code="2">rdacarrier</subfield></datafield><datafield ind1="0" ind2=" " tag="362"><subfield code="a">Vol. 1, no. 1 (Mar. 23, 1967)-[v. 11, no. 23] (June 11, 1970).</subfield></datafield><datafield ind1=" " ind2=" " tag="500"><subfield code="a">Some issues lack title on cover; title varies.</subfield></datafield><datafield ind1=" " ind2=" " tag="515"><subfield code="a">Some issues unnumbered and/or undated; numbering is irregular.</subfield></datafield><datafield ind1=" " ind2=" " tag="533"><subfield code="a">Microfilm.</subfield><subfield code="b">Wooster, Ohio :</subfield><subfield code="c">Bell &amp; Howell Co.</subfield><subfield code="e">microfilm reels ; 35 mm.</subfield><subfield code="f">(Underground newspaper collection).</subfield><subfield code="n">Filmed with other titles.</subfield></datafield><datafield ind1=" " ind2="0" tag="651"><subfield code="a">Seattle (Wash.)</subfield><subfield code="v">Newspapers.</subfield></datafield><datafield ind1=" " ind2="0" tag="651"><subfield code="a">King County (Wash.)</subfield><subfield code="v">Newspapers.</subfield></datafield><datafield ind1=" " ind2="7" tag="651"><subfield code="a">Washington (State)</subfield><subfield code="z">King County.</subfield><subfield code="2">fast</subfield><subfield code="0">(OCoLC)fst01206427</subfield></datafield><datafield ind1=" " ind2="7" tag="651"><subfield code="a">Washington (State)</subfield><subfield code="z">Seattle.</subfield><subfield code="2">fast</subfield><subfield code="0">(OCoLC)fst01204940</subfield></datafield><datafield ind1=" " ind2="7" tag="655"><subfield code="a">Newspapers.</subfield><subfield code="2">fast</subfield><subfield code="0">(OCoLC)fst01423814</subfield></datafield><datafield ind1=" " ind2="7" tag="655"><subfield code="a">Underground newspapers</subfield><subfield code="z">Washington (State)</subfield><subfield code="z">Seattle.</subfield><subfield code="2">ngl</subfield></datafield><datafield ind1=" " ind2=" " tag="752"><subfield code="a">United States</subfield><subfield code="b">Washington</subfield><subfield code="c">King</subfield><subfield code="d">Seattle.</subfield></datafield><datafield ind1="1" ind2=" " tag="776"><subfield code="c">Original</subfield><subfield code="w">(DLC)sn 97066529</subfield><subfield code="w">(OCoLC)17823875</subfield></datafield><datafield ind1=" " ind2="0" tag="830"><subfield code="a">Underground newspaper collection.</subfield></datafield><datafield ind1="1" ind2=" " tag="029"><subfield code="a">AU@</subfield><subfield code="b">000011891880</subfield></datafield><datafield ind1="1" ind2=" " tag="029"><subfield code="a">AU@</subfield><subfield code="b">000025111776</subfield></datafield><datafield ind1="1" ind2=" " tag="029"><subfield code="a">AU@</subfield><subfield code="b">000041101663</subfield></datafield></record>